<record><leader>00000cas a22000007a 4500</leader><controlfield tag="001">30931143</controlfield><controlfield tag="008">940811d190819uuokuwr ne      0    0eng d</controlfield><datafield ind1=" " ind2=" " tag="010"><subfield code="a">sn 94058912 </subfield></datafield><datafield ind1=" " ind2=" " tag="040"><subfield code="a">OBN</subfield><subfield code="b">eng</subfield><subfield code="c">OBN</subfield><subfield code="d">OCL</subfield><subfield code="d">OCLCQ</subfield><subfield code="d">OCLCF</subfield><subfield code="d">OCLCO</subfield></datafield><datafield ind1="1" ind2=" " tag="029"><subfield code="a">AU@</subfield><subfield code="b">000011230321</subfield></datafield><datafield ind1=" " ind2=" " tag="042"><subfield code="a">msc</subfield></datafield><datafield ind1=" " ind2=" " tag="043"><subfield code="a">n-us-ok</subfield></datafield><datafield ind1="0" ind2="0" tag="245"><subfield code="a">Buffalo republican and the post.</subfield></datafield><datafield ind1="1" ind2="3" tag="246"><subfield code="a">Republican</subfield></datafield><datafield ind1="1" ind2="3" tag="246"><subfield code="a">Buffalo post</subfield></datafield><datafield ind1="1" ind2="3" tag="246"><subfield code="a">Buffalo republican and post</subfield></datafield><datafield ind1=" " ind2=" " tag="260"><subfield code="a">Buffalo, Harper County, Okla. :</subfield><subfield code="b">T. Daniel</subfield></datafield><datafield ind1=" " ind2=" " tag="300"><subfield code="a">v.</subfield></datafield><datafield ind1=" " ind2=" " tag="310"><subfield code="a">Weekly</subfield></datafield><datafield ind1="1" ind2=" " tag="362"><subfield code="a">Began in 1908.</subfield></datafield><datafield ind1=" " ind2=" " tag="588"><subfield code="a">Description based on: Vol. 1, no. 21 (Oct. 8, 1908) = v. 4, no. 17 = Whole no. 174.</subfield></datafield><datafield ind1=" " ind2="0" tag="651"><subfield code="a">Buffalo (Okla.)</subfield><subfield code="v">Newspapers.</subfield></datafield><datafield ind1=" " ind2="0" tag="651"><subfield code="a">Harper County (Okla.)</subfield><subfield code="v">Newspapers.</subfield></datafield><datafield ind1=" " ind2="7" tag="655"><subfield code="a">Newspapers.</subfield><subfield code="2">fast</subfield><subfield code="0">(OCoLC)fst01423814</subfield></datafield><datafield ind1=" " ind2="7" tag="651"><subfield code="a">Oklahoma</subfield><subfield code="z">Buffalo.</subfield><subfield code="2">fast</subfield><subfield code="0">(OCoLC)fst01871803</subfield></datafield><datafield ind1=" " ind2="7" tag="651"><subfield code="a">Oklahoma</subfield><subfield code="z">Harper County.</subfield><subfield code="2">fast</subfield><subfield code="0">(OCoLC)fst01223125</subfield></datafield><datafield ind1=" " ind2=" " tag="752"><subfield code="a">United States</subfield><subfield code="b">Oklahoma</subfield><subfield code="c">Harper</subfield><subfield code="d">Buffalo.</subfield></datafield><datafield ind1="0" ind2="4" tag="780"><subfield code="t">Buffalo republican (Buffalo, Okla. : 1908)</subfield><subfield code="w">(DLC)sn 94058911</subfield><subfield code="w">(OCoLC)30931011</subfield></datafield><datafield ind1="0" ind2="4" tag="780"><subfield code="t">Post (Brule, Okla. : 1905)</subfield><subfield code="w">(DLC)sn 94058910</subfield><subfield code="w">(OCoLC)30930924</subfield></datafield><datafield ind1="0" ind2="7" tag="785"><subfield code="t">Buffalo beacon</subfield></datafield><datafield ind1="0" ind2="7" tag="785"><subfield code="t">Buffalo republican (Buffalo, Okla.)</subfield><subfield code="w">(DLC)sn 94058913</subfield><subfield code="w">(OCoLC)30931232</subfield></datafield></record>